<record><leader>00000cas a2200000 a 4500</leader><controlfield tag="001">41869614</controlfield><controlfield tag="008">990713u1991uuuucauwr ne      0    0peroc</controlfield><datafield ind1=" " ind2=" " tag="010"><subfield code="a">  2005222709</subfield></datafield><datafield ind1=" " ind2=" " tag="040"><subfield code="a">JQA</subfield><subfield code="b">eng</subfield><subfield code="c">JQA</subfield><subfield code="d">OCLCQ</subfield><subfield code="d">CLU</subfield><subfield code="d">OCLCQ</subfield><subfield code="d">OCLCO</subfield><subfield code="d">CLU</subfield><subfield code="d">OCLCF</subfield><subfield code="d">OCL</subfield></datafield><datafield ind1=" " ind2=" " tag="042"><subfield code="a">pcc</subfield></datafield><datafield ind1=" " ind2=" " tag="043"><subfield code="a">a-ir---</subfield></datafield><datafield ind1="0" ind2=" " tag="130"><subfield code="a">Kha&#772;vara&#772;n (Alameda, Calif.)</subfield></datafield><datafield ind1="1" ind2="0" tag="245"><subfield code="a">Kha&#772;vara&#772;n.</subfield></datafield><datafield ind1="1" ind2=" " tag="246"><subfield code="i">Issues for &lt;Jan. 1994-&gt; also have title:</subfield><subfield code="a">Haftah na&#772;mah-&#700;i kha&#772;vara&#772;n</subfield></datafield><datafield ind1=" " ind2=" " tag="260"><subfield code="a">Fremont, Calif. :</subfield><subfield code="b">Kha&#772;vara&#772;n,</subfield><subfield code="c">1991-</subfield></datafield><datafield ind1=" " ind2=" " tag="300"><subfield code="a">v. :</subfield><subfield code="b">ill. ;</subfield><subfield code="c">42 cm.</subfield></datafield><datafield ind1=" " ind2=" " tag="310"><subfield code="a">Weekly</subfield></datafield><datafield ind1="0" ind2=" " tag="362"><subfield code="a">Vol. 1, no. 1 (1370 [Apr. 19, 1991])-</subfield></datafield><datafield ind1=" " ind2=" " tag="500"><subfield code="a">"A weekly newspaper for the Iranian community."</subfield></datafield><datafield ind1=" " ind2=" " tag="500"><subfield code="a">Title from caption.</subfield></datafield><datafield ind1=" " ind2=" " tag="500"><subfield code="a">Published: San Jose, Calif., &lt;1994-&gt;</subfield></datafield><datafield ind1=" " ind2=" " tag="520"><subfield code="a">Covers the political, cultural &amp; social issues of interest to the Iranian community of Northern California.</subfield></datafield><datafield ind1=" " ind2=" " tag="588"><subfield code="a">Latest issue consulted: Sa&#772;l-i 3., shuma&#772;rah-i 141 (Jan. 21, 1994).</subfield></datafield><datafield ind1=" " ind2="0" tag="651"><subfield code="a">Iran</subfield><subfield code="x">Politics and government</subfield><subfield code="v">Newspapers.</subfield></datafield><datafield ind1=" " ind2="0" tag="650"><subfield code="a">Iranian Americans</subfield><subfield code="z">California</subfield><subfield code="z">San Francisco Bay Area</subfield><subfield code="v">Newspapers.</subfield></datafield><datafield ind1=" " ind2="0" tag="650"><subfield code="a">Iranians</subfield><subfield code="z">California</subfield><subfield code="z">San Francisco Bay Area</subfield><subfield code="v">Newspapers.</subfield></datafield><datafield ind1=" " ind2="7" tag="650"><subfield code="a">Iranian Americans.</subfield><subfield code="2">fast</subfield><subfield code="0">(OCoLC)fst00978794</subfield></datafield><datafield ind1=" " ind2="7" tag="650"><subfield code="a">Iranians.</subfield><subfield code="2">fast</subfield><subfield code="0">(OCoLC)fst00978818</subfield></datafield><datafield ind1=" " ind2="7" tag="650"><subfield code="a">Politics and government</subfield><subfield code="2">fast</subfield><subfield code="0">(OCoLC)fst01919741</subfield></datafield><datafield ind1=" " ind2="7" tag="651"><subfield code="a">California</subfield><subfield code="z">San Francisco Bay Area.</subfield><subfield code="2">fast</subfield><subfield code="0">(OCoLC)fst01242397</subfield></datafield><datafield ind1=" " ind2="7" tag="651"><subfield code="a">Iran.</subfield><subfield code="2">fast</subfield><subfield code="0">(OCoLC)fst01204889</subfield></datafield><datafield ind1=" " ind2="7" tag="655"><subfield code="a">Newspapers.</subfield><subfield code="2">fast</subfield><subfield code="0">(OCoLC)fst01423814</subfield></datafield><datafield ind1=" " ind2=" " tag="752"><subfield code="a">United States</subfield><subfield code="b">California</subfield><subfield code="c">Alameda</subfield><subfield code="d">Fremont.</subfield></datafield><datafield ind1=" " ind2=" " tag="752"><subfield code="a">United States</subfield><subfield code="b">California</subfield><subfield code="c">Santa Clara</subfield><subfield code="d">San Jose.</subfield></datafield><datafield ind1="1" ind2=" " tag="029"><subfield code="a">AU@</subfield><subfield code="b">000026887031</subfield></datafield></record>